<?xml version="1.0" encoding="UTF-8"?><collection xmlns="http://www.loc.gov/MARC21/slim"><record><leader>00427nam--2200121-i-4500</leader><controlfield tag="001">000034699</controlfield><controlfield tag="002">20161230</controlfield><controlfield tag="005">20161230201040</controlfield><controlfield tag="008">060222s1000------------r-----000-0-eng-d</controlfield><datafield ind1=" " ind2=" " tag="080"><subfield code="a">621.91(083.133):331(083.133)</subfield></datafield><datafield ind1=" " ind2=" " tag="245"><subfield code="a">Normative unificate pe economie pentru prelucrari pe masini de rabotat si mortezat pentru productia de serie mica si unicate. nt69</subfield></datafield><datafield ind1=" " ind2=" " tag="260"><subfield code="a">Bucuresti, Min.Ind.Constr.De Masini, 1982, 32p</subfield></datafield><datafield ind1=" " ind2=" " tag="852"><subfield code="a">D.2154</subfield></datafield></record></collection>